@article{OSSTMM3,
author = {Valdez Alvarado, Aldo},
year = {2013},
month = {06},
pages = {},
title = {OSSTMM 3}
}

@misc{OWASP-ASVS,
  title        = {{OWASP-ASVS} website},
  howpublished = {\url{https://owasp.org/www-project-application-security-verification-standard/}},
  note         = {Accessed: 2024-8-29},
}

@article{Cobalt2024,
author = {CobaltINC},
year = {2024},
month = {06},
pages = {},
title = {The State of Pentesting Report 2024, Cobalt Inc.}
}

@misc{OWASP-Top10-LLM,
  title        = {OWASP Top 10 for LLM Applications, version 1.1},
  howpublished = {\url{https://owasp.org/www-project-top-10-for-large-language-model-applications/assets/PDF/OWASP-Top-10-for-LLMs-2023-v1_1.pdf}},
  note         = {Accessed: 2024-8-29},
}

@misc{ThePrimaegenCyberStocksUp,
  title        = {{ThePrimeagen(Michael B. Paulson)}AI vs Cybersecurity},
  howpublished = {\url{https://www.instagram.com/reel/C-GEnBovDjQ/?utm_source=ig_web_copy_link}},
  note         = {Accessed: 2024-8-29},
}

@misc{CycubicsDocsWebGoat,
  title        = {WebGoat Labs, Walkthroughs},
  howpublished = {\url{https://docs.cycubix.com/application-security-series/web-application-security-essentials/solutions}},
  note         = {Accessed: 2024-8-31},
}

@misc{CVE-2013-7285_Detail,
  title        = {NIST CVE-2013-7285 Detail},
  howpublished = {\url{https://nvd.nist.gov/vuln/detail/CVE-2013-7285}},
  note         = {Accessed: 2024-9-4}
}




@misc{MediumJWT8,
  title        = {Medium WebGoat JWT tokens 8},
  howpublished = {\url{https://pvxs.medium.com/webgoat-jwt-tokens-8-6ea5f5132499}},
  note         = {Accessed: 2024-9-5}
}



@misc{NPMInstallMeme,
  title        = {When running npm -i meme},
  howpublished = {\url{https://youtu.be/Lv92jXz-f1E?feature=shared}},
  note         = {Accessed: 2024-9-6}
}



@misc{CISAlog4j,
  title        = {CISA Apache Log4j Vulnerability Guidance},
  howpublished = {\url{https://www.cisa.gov/news-events/news/apache-log4j-vulnerability-guidance}},
  note         = {Accessed: 2024-9-7}
}

@misc{NISTxzUtilsBackdoor,
  title        = {NIST CVE-2024-3094, xz Utils},
  howpublished = {\url{https://nvd.nist.gov/vuln/detail/CVE-2024-3094}},
  note         = {Accessed: 2024-9-7}
}

@misc{WiredxzUtilsBackdoor,
  title        = {WIRED Magazine: The XZ Backdoor Everything You Need to Know},
  howpublished = {\url{https://www.wired.com/story/xz-backdoor-everything-you-need-to-know/}},
  note         = {Accessed: 2024-9-7}
}

@misc{MediumOpenSSH,
  title        = {MEDIUM: Inside the failed attempt to backdoor SSH globally â€” that got caught by chance},
  howpublished = {\url{https://doublepulsar.com/inside-the-failed-attempt-to-backdoor-ssh-globally-that-got-caught-by-chance-bbfe628fafdd}},
  note         = {Accessed: 2024-9-7}
}

@misc{BlackHatTetra,
  title        = {BlackHat: All Cops Are Broadcasting: Breaking TETRA After Decades in the Shadows},
  howpublished = {\url{https://www.blackhat.com/us-23/briefings/schedule/redacted-telecom-talk-31807}},
  note         = {Accessed: 2024-9-7}
}

